@article{thangaraj2018text,
  title={TEXT CLASSIFICATION TECHNIQUES: A LITERATURE REVIEW.},
  author={Thangaraj, M and Sivakami, M},
  journal={Interdisciplinary Journal of Information, Knowledge \& Management},
  volume={13},
  year={2018}
}

@article{allahyari2017brief,
  title={A brief survey of text mining: Classification, clustering and extraction techniques},
  author={Allahyari, Mehdi and Pouriyeh, Seyedamin and Assefi, Mehdi and Safaei, Saied and Trippe, Elizabeth D and Gutierrez, Juan B and Kochut, Krys},
  journal={arXiv preprint arXiv:1707.02919},
  year={2017}
}

@inproceedings{chakrabarti1997using,
  title={Using taxonomy, discriminants, and signatures for navigating in text databases},
  author={Chakrabarti, Soumen and Dom, Byron and Agrawal, Rakesh and Raghavan, Prabhakar},
  booktitle={VLDB},
  volume={97},
  pages={446--455},
  year={1997}
}

@techreport{joachims1996probabilistic,
  title={A Probabilistic Analysis of the Rocchio Algorithm with TFIDF for Text Categorization.},
  author={Joachims, Thorsten},
  year={1996},
  institution={Carnegie-mellon univ pittsburgh pa dept of computer science}
}

@techreport{koller1997hierarchically,
  title={Hierarchically classifying documents using very few words},
  author={Koller, Daphne and Sahami, Mehran},
  year={1997},
  institution={Stanford InfoLab}
}

@inproceedings{larkey1996combining,
  title={Combining classifiers in text categorization},
  author={Larkey, Leah S and Croft, W Bruce},
  booktitle={Proceedings of the 19th annual international ACM SIGIR conference on Research and development in information retrieval},
  pages={289--297},
  year={1996}
}

@book{breiman1984classification,
  title={Classification and regression trees},
  author={Breiman, Leo and Friedman, Jerome and Stone, Charles J and Olshen, Richard A},
  year={1984},
  publisher={CRC press}
}

@book{duda2012pattern,
  title={Pattern classification},
  author={Duda, Richard O and Hart, Peter E and Stork, David G},
  year={2012},
  publisher={John Wiley \& Sons}
}

@inproceedings{freund1995desicion,
  title={A desicion-theoretic generalization of on-line learning and an application to boosting},
  author={Freund, Yoav and Schapire, Robert E},
  booktitle={European conference on computational learning theory},
  pages={23--37},
  year={1995},
  organization={Springer}
}

@article{schapire2000boostexter,
  title={BoosTexter: A boosting-based system for text categorization},
  author={Schapire, Robert E and Singer, Yoram},
  journal={Machine learning},
  volume={39},
  number={2-3},
  pages={135--168},
  year={2000},
  publisher={Springer}
}
@inproceedings{joachims1998text,
  title={Text categorization with support vector machines: Learning with many relevant features},
  author={Joachims, Thorsten},
  booktitle={European conference on machine learning},
  pages={137--142},
  year={1998},
  organization={Springer}
}
@inproceedings{joachims2001statistical,
  title={A statistical learning learning model of text classification for support vector machines},
  author={Joachims, Thorsten},
  booktitle={Proceedings of the 24th annual international ACM SIGIR conference on Research and development in information retrieval},
  pages={128--136},
  year={2001}
}

@article{tang2016multi,
  title={Multi-class classification using kernel density estimation on K-nearest neighbours},
  author={Tang, Xiaofeng and Xu, Aiqiang},
  journal={Electronics Letters},
  volume={52},
  number={8},
  pages={600--602},
  year={2016},
  publisher={IET}
}

@article{yi2011multi,
  title={Multi-valued attribute and multi-labeled data decision tree algorithm},
  author={Yi, Weiguo and Lu, Mingyu and Liu, Zhi},
  journal={International Journal of Machine Learning and Cybernetics},
  volume={2},
  number={2},
  pages={67--74},
  year={2011},
  publisher={Springer}
}

@article{nie2015neural,
  title={Neural network for multi-class classification by boosting composite stumps},
  author={Nie, Qingfeng and Jin, Lizuo and Fei, Shumin and Ma, Junyong},
  journal={Neurocomputing},
  volume={149},
  pages={949--956},
  year={2015},
  publisher={Elsevier}
}

@article{cerri2014hierarchical,
  title={Hierarchical multi-label classification using local neural networks},
  author={Cerri, Ricardo and Barros, Rodrigo C and De Carvalho, Andr{\'e} CPLF},
  journal={Journal of Computer and System Sciences},
  volume={80},
  number={1},
  pages={39--56},
  year={2014},
  publisher={Elsevier}
}



