@article{sigillito1989classification,
  title={Classification of radar returns from the ionosphere using neural networks},
  author={Sigillito, Vincent G and Wing, Simon P and Hutton, Larrie V and Baker, Kile B},
  journal={Johns Hopkins APL Technical Digest},
  volume={10},
  number={3},
  pages={262--266},
  year={1989}
}

@inproceedings{kohavi1996scaling,
  title={Scaling up the accuracy of naive-bayes classifiers: A decision-tree hybrid.},
  author={Kohavi, Ron},
  booktitle={Kdd},
  volume={96},
  pages={202--207},
  year={1996}
}

@article{fisher1936use,
  title={The use of multiple measurements in taxonomic problems},
  author={Fisher, Ronald A},
  journal={Annals of eugenics},
  volume={7},
  number={2},
  pages={179--188},
  year={1936},
  publisher={Wiley Online Library}
}

@inproceedings{bohanec1988knowledge,
  title={Knowledge acquisition and explanation for multi-attribute decision making},
  author={Bohanec, Marko and Rajkovic, Vladislav},
  booktitle={8th Intl Workshop on Expert Systems and their Applications},
  pages={59--78},
  year={1988}
}
